@misc{unstr,
    title="Аналитика неструктурированных данных",
    howpublished="Режим доступа \url{https://www.osp.ru/os/2012/06/13017038} (дата обращения 05.05.2021)"
}
@misc{research,
    title="To BLOB or Not To BLOB: Large Object Storage in a Database or a Filesystem?",
    howpublished="Режим доступа \url{https://arxiv.org/pdf/cs/0701168.pdf} (дата обращения 05.05.2021)"
}
@misc{microsoft,
    title="Microsoft",
    howpublished="Режим доступа \url{https://www.microsoft.com/} (дата обращения 05.05.2021)"
}
@misc{blob,
    title="BLOB data in NoSQL",
    howpublished="Режим доступа \url{https://www.sswug.org/bentaylor/editorials/blob-data-in-nosql-2/} (дата обращения 05.05.2021)"
}
@article{nosql,
    author =  "Мартин Фаулер, Прамодкумар Дж. Садаладж",
    title = " NoSQL: новая методология разработки нереляционных баз данных = NoSQL Distilled",
    journal = "<<Вильямс>>",
    pages = "192",
    year = "2013"
}
@article{hash,
    author =  "Брюс Шнайер",
    title = "Прикладная криптография. Протоколы, алгоритмы, исходные тексты на языке Си",
    journal = "Триумф",
    year = "2002"
}
@misc{psql,
    title="PostgreSQL",
    howpublished="Режим доступа \url{https://www.postgresql.org/} (дата обращения 05.05.2021)"
}
@misc{lo,
    title="lo -- module for large objects",
    howpublished="Режим доступа \url{https://www.postgresql.org/docs/9.1/lo.html} (дата обращения 05.05.2021)"
}
@misc{scal,
    title="Scaling horizontally vs. scaling vertically",
    howpublished="Режим доступа \url{https://www.section.io/blog/scaling-horizontally-vs-vertically/} (дата обращения 05.05.2021)"
}
@misc{dp,
    title="Точка отказа",
    howpublished="Режим доступа \url{https://dic.academic.ru/dic.nsf/eng_rus/327695/} (дата обращения 05.05.2021)"
}
@misc{kvstore,
    title="The key-value database defined",
    howpublished="Режим доступа \url{https://aws.amazon.com/nosql/key-value/} (дата обращения 05.05.2021)"
}
@misc{redis,
    title="Redis",
    howpublished="Режим доступа \url{https://redis.io/} (дата обращения 05.05.2021)"
}
@misc{tarantool,
    title="Tarantool",
    howpublished="Режим доступа \url{https://www.tarantool.io/en/} (дата обращения 05.05.2021)"
}
@misc{inmem,
    title="Performance of in-memory databases",
    howpublished="Режим доступа \url{https://reader.elsevier.com/reader/sd/pii/S1319157816300453?token=BBFEFA43B9F01ADE11AD6E8A02E8898BCABC8324C4215B3EE5B5F3BB8B6C9D91F4015E19AE4C7F0CF092CA84297E788D&originRegion=eu-west-1&originCreation=20210516111531} (дата обращения 05.05.2021)"
}
@misc{ssd,
    title="What is ssd?",
    howpublished="Режим доступа \url{https://www.crucial.ru/articles/about-ssd/what-is-an-SSD} (дата обращения 05.05.2021)"
}
@misc{rocks,
    title="RocksDB",
    howpublished="Режим доступа \url{https://github.com/facebook/rocksdb} (дата обращения 05.05.2021)"
}
@misc{sled,
    title="Sled",
    howpublished="Режим доступа \url{http://sled.rs/} (дата обращения 05.05.2021)"
}
@misc{hdd,
    title="HDD",
    howpublished="Режим доступа \url{https://smarthdd.com} (дата обращения 05.05.2021)"
}
@misc{pearl,
    title="Pearl",
    howpublished="Режим доступа \url{https://github.com/qoollo/pearl} (дата обращения 05.05.2021)"
}
@misc{btreemap,
    title="BTreeMap",
    howpublished="Режим доступа \url{https://doc.rust-lang.org/std/collections/struct.BTreeMap.html} (дата обращения 11.04.2021)"
}
@misc{compl,
    title="Амортизационный анализ",
    howpublished="Режим доступа \url{https://neerc.ifmo.ru/wiki/index.php?title=Амортизационный_анализ} (дата обращения: 11.03.2021)"
}
@article{binsearch,
    author="Левитин А. В.",
    title="Метод декомпозиции: бинарный поиск",
    journal="Алгоритмы. Введение в разработку и анализ",
    pages="180-183",
    year="2006"
}

@article{btree,
    author="Левитин А. В.",
    title="Пространственно-временной компромисс: B-деревья",
    journal="Алгоритмы. Введение в разработку и анализ",
    pages="331-339",
    year="2006"
}

@misc{mway,
    title="Multiway Trees",
    howpublished="Режим доступа: \url{http://faculty.cs.niu.edu/~freedman/340/340notes/340multi.htm} (дата обращения: 16.04.2021)"
}

@misc{hbtree,
    title="B-Trees",
    howpublished="Режим доступа: \url{http://www.cse.unsw.edu.au/~cs9024/10s2/lects/BtreeNotes.pdf} (дата обращения: 17.04.2021)"
}
@misc{hbptree,
    title="B+-Trees",
    howpublished="Режим доступа: \url{http://www.smckearney.com/adb/notes/lecture.btree.pdf} (дата обращения: 17.04.2021)"
}
@misc{btreepsql,
    title="B-Tree Indexes implementation in PostgreSQL",
    howpublished="Режим доступа: \url{https://www.postgresql.org/docs/11/btree-implementation.html} (дата обращения: 08.04.2021)"
}

@misc{rusttest,
    title="Документация по ЯП Rust: бенчмарки [Электронный ресурс]",
    howpublished="Режим доступа: \url{https://doc.rust-lang.org/1.7.0/book/benchmark-tests.html} (дата обращения: 21.09.2020)"
}

@misc{manjaro,
    title="Manjaro -- enjoy the simplicity [Электронный ресурс]",
    howpublished="Режим доступа: \url{https://manjaro.org/} (дата обращения: 21.09.2020)"
}

@misc{linux,
    title="Русская информация об ОС Linux [Электронный ресурс]",
    howpublished="Режим доступа: \url{https://www.linux.org.ru/} (дата обращения: 21.09.2020)"
}

@misc{intel,
    title="Процессор Intel® Core™ i7-8550U [Электронный ресурс]",
    howpublished="Режим доступа: \url{https://ark.intel.com/content/www/ru/ru/ark/products/122589/intel-core-i7-8550u-processor-8m-cache-up-to-4-00-ghz.html} (дата обращения: 21.09.2020)"
}
@misc{rust,
    title="Rust Programming Language [Электронный ресурс].",
    howpublished="Режим доступа: \url{https://doc.rust-lang.org/std/index.html} (дата обращения: 20.07.2020)",
    year=2017
}

@misc{cargo,
    title="The Cargo Book",
    howpublished="Режим доступа: \url{https://doc.rust-lang.org/cargo/} (дата обращения: 21.07.2020)",
}

@misc{rls,
    title="Rust Language Server (RLS)",
    howpublished="Режим доступа: \url{https://github.com/rust-lang/rls} (дата обращения: 21.07.2020)",
}

@misc{rust-learn,
    title="Rustbook. What is Ownership?",
    howpublished="Режим доступа: \url{https://doc.rust-lang.org/book/ch04-01-what-is-ownership.html} (дата обращения: 20.07.2020)",
}

@misc{vim,
    title="VIM the editor",
    howpublished="Режим доступа: \url{https://www.vim.org/} (дата обращения: 20.07.2020)"
}

@misc{vim-plugins,
    title="VimAwesome",
    howpublished="Режим доступа: \url{https://vimawesome.com/} (дата обращения: 20.07.2020)"
}
